<?xml version="1.0" encoding="UTF-8"?>
<record xmlns="http://www.loc.gov/MARC21/slim" xmlns:xsi="http://www.w3.org/2001/XMLSchema-instance" xsi:schemaLocation="http://www.loc.gov/MARC21/slim http://www.loc.gov/standards/marcxml/schema/MARC21slim.xsd">
<leader>00000cam a22      i 4500</leader>
<controlfield tag="001">001679581</controlfield>
<controlfield tag="003">NNU</controlfield>
<controlfield tag="005">20150729174217.0</controlfield>
<controlfield tag="008">900924s1963    iq       b    000 0 ararc</controlfield>
<datafield tag="010" ind1=" " ind2=" ">
<subfield code="a">ne 64003702</subfield>
</datafield>
<datafield tag="035" ind1=" " ind2=" ">
<subfield code="a">(OCoLC)22425978</subfield>
</datafield>
<datafield tag="040" ind1=" " ind2=" ">
<subfield code="a">Princeton Univ. Libr.</subfield>
<subfield code="b">eng</subfield>
<subfield code="c">WAU</subfield>
<subfield code="d">CUY</subfield>
<subfield code="d">IUL</subfield>
<subfield code="d">OCLCF</subfield>
<subfield code="d">OCLCQ</subfield>
<subfield code="d">OCL</subfield>
<subfield code="d">NNU</subfield>
</datafield>
<datafield tag="043" ind1=" " ind2=" ">
<subfield code="a">a-iq---</subfield>
</datafield>
<datafield tag="050" ind1=" " ind2="4">
<subfield code="a">JQ1825.I7</subfield>
<subfield code="b">H88 1963</subfield>
</datafield>
<datafield tag="100" ind1="1" ind2=" ">
<subfield code="6">880-01</subfield>
<subfield code="a">Ḥusayn, Fāḍil.</subfield>
</datafield>
<datafield tag="245" ind1="1" ind2="0">
<subfield code="6">880-02</subfield>
<subfield code="a">Tārīkh al-Ḥizb al-Waṭanī al-Dimuqrāṭī, 1946-1958 /</subfield>
<subfield code="c">taʼlīf Fāḍil Ḥusayn.</subfield>
</datafield>
<datafield tag="246" ind1="1" ind2="4">
<subfield code="a">History of the National Democratic Party</subfield>
</datafield>
<datafield tag="260" ind1=" " ind2=" ">
<subfield code="6">880-03</subfield>
<subfield code="a">Baghdād :</subfield>
<subfield code="b">Maṭbaʻat al-Shaʻb,</subfield>
<subfield code="c">1963.</subfield>
</datafield>
<datafield tag="300" ind1=" " ind2=" ">
<subfield code="a">7, 404 pages ;</subfield>
<subfield code="c">24 cm</subfield>
</datafield>
<datafield tag="336" ind1=" " ind2=" ">
<subfield code="a">text</subfield>
<subfield code="b">txt</subfield>
<subfield code="2">rdacontent</subfield>
</datafield>
<datafield tag="337" ind1=" " ind2=" ">
<subfield code="a">unmediated</subfield>
<subfield code="b">n</subfield>
<subfield code="2">rdamedia</subfield>
</datafield>
<datafield tag="338" ind1=" " ind2=" ">
<subfield code="a">volume</subfield>
<subfield code="b">nc</subfield>
<subfield code="2">rdacarrier</subfield>
</datafield>
<datafield tag="504" ind1=" " ind2=" ">
<subfield code="a">Includes bibliographical references (pages 402-403).</subfield>
</datafield>
<datafield tag="610" ind1="2" ind2="0">
<subfield code="6">880-04</subfield>
<subfield code="a">Ḥizb al-Waṭanī al-Dīmuqrāṭī (Iraq)</subfield>
</datafield>
<datafield tag="651" ind1=" " ind2="0">
<subfield code="a">Iraq</subfield>
<subfield code="x">Politics and government.</subfield>
</datafield>
<datafield tag="610" ind1="2" ind2="7">
<subfield code="a">Ḥizb al-Waṭanī al-Dīmuqrāṭī (Iraq)</subfield>
<subfield code="2">fast</subfield>
<subfield code="0">(OCoLC)fst00683685</subfield>
</datafield>
<datafield tag="650" ind1=" " ind2="7">
<subfield code="a">Politics and government</subfield>
<subfield code="2">fast</subfield>
<subfield code="0">(OCoLC)fst01919741</subfield>
</datafield>
<datafield tag="651" ind1=" " ind2="7">
<subfield code="a">Iraq.</subfield>
<subfield code="2">fast</subfield>
<subfield code="0">(OCoLC)fst01205757</subfield>
</datafield>
<datafield tag="776" ind1="0" ind2="8">
<subfield code="i">Online version:</subfield>
<subfield code="a">Ḥusayn, Fāḍil.</subfield>
<subfield code="t">Tārīkh al-Ḥizb al-Waṭanī al-Dimuqrāṭī, 1946-1958.</subfield>
<subfield code="d">Baghdād : Maṭbaʻat al-Shaʻb, 1963</subfield>
<subfield code="w">(OCoLC)579849975</subfield>
</datafield>
<datafield tag="880" ind1="1" ind2=" ">
<subfield code="6">100-01/</subfield>
<subfield code="a">حسين، فاضل.</subfield>
</datafield>
<datafield tag="880" ind1="1" ind2="0">
<subfield code="6">245-02/</subfield>
<subfield code="a">تاريخ الحزب الوطني الدمقراطي، 1946-1958 /</subfield>
<subfield code="c">تأليف فاضل حسين.</subfield>
</datafield>
<datafield tag="880" ind1=" " ind2=" ">
<subfield code="6">260-03/</subfield>
<subfield code="a">بغداد :</subfield>
<subfield code="b">مطبعة الشعب،</subfield>
<subfield code="c">1963.</subfield>
</datafield>
<datafield tag="880" ind1="2" ind2="4">
<subfield code="6">610-04/</subfield>
<subfield code="a">حزب الوطني الديمقراطي (عراق)</subfield>
</datafield>
<datafield tag="OWN" ind1=" " ind2=" ">
<subfield code="a">GENERAL</subfield>
</datafield>
<datafield tag="AVA" ind1=" " ind2=" ">
<subfield code="a">NYU50</subfield>
<subfield code="b">BOBST</subfield>
<subfield code="c">Main Collection</subfield>
<subfield code="d">JQ1825.I7 H8</subfield>
<subfield code="e">unavailable</subfield>
<subfield code="t">Unavailable</subfield>
<subfield code="f">1</subfield>
<subfield code="g">1</subfield>
<subfield code="h">N</subfield>
<subfield code="i">0</subfield>
<subfield code="j">MAIN</subfield>
<subfield code="k">0</subfield>
</datafield>
</record>
